3142 4900
2689 198 2713 226 Γ

281 219 482 282 Kana,
528 219 643 274 Die
684 219 951 287 biit-yerl.
996 183 1530 282 Tarte-§erklaruny
1571 215 1783 282 behufs
1823 214 2556 278 Wicderrerr-netielimrgs.
2685 198 2769 258 *³9

494 391 595 454 An
639 388 969 473 aliquando
1015 388 1080 452 et
1123 405 1242 471 quo
1284 387 1416 452 loco
1455 385 1807 470 scripserit,
1869 388 1932 452 et
1977 406 2116 450 nuni
2168 406 2344 450 suani
2392 386 2769 478 veluntatem

280 494 744 578 quamprimum
805 490 1099 558 redeundi
1160 491 1470 574 aperuerit
1529 489 1776 574 aliaque
1838 488 2020 572 hujus
2084 490 2328 574 generis
2372 490 2597 550 iurlieia
2645 486 2769 550 eel-

282 597 589 682 ligantur.

497 699 644 764 Alia
688 717 759 764 ex
802 719 1007 765 rerum
1039 697 1348 782 adjunctis
1378 715 1484 781 pro
1523 697 1696 762 varia
1730 696 2044 763 absentiae
2076 714 2264 762 eausa
2296 698 2506 778 ealligi
2540 694 2769 758 intlieiu

283 803 376 868 sic
424 804 752 887 poterunt:
2256 796 2264 802 ”

496 905 562 972 Si
609 908 686 972 ob
729 906 1024 973 militiam
1070 905 1313 982 abierit,
1360 926 1397 970 a
1440 905 1597 970 duce
1644 905 1914 971 militum
1963 906 2332 990 requiratur,
2384 902 2532 986 quid
2581 902 2654 966 de
2701 922 2769 966 ee

286 1011 483 1087 sciat3
546 1012 758 1075 utrum
816 1011 1004 1076 alicui
1069 1028 1313 1093 pugnae
1371 1009 1757 1088 interfuerit,
1827 1011 2036 1074 utrum
2100 1010 2176 1074 ab
2240 1010 2520 1074 hestibus
2585 1006 2773 1070 fuerit

289 1116 533 1198 captuS,
581 1135 730 1179 num
778 1117 982 1180 castra
1025 1113 1362 1179 deseruerit
1403 1116 1514 1178 aut
1555 1113 1999 1179 destinationes
2048 1114 2416 1190 *attentasse
2464 1110 2769 1174 habuerit.

501 1217 570 1283 Si
655 1217 1096 1302 negotiationis
1186 1237 1372 1283 causa
1460 1219 1580 1283 iter
1675 1219 2044 1302 susceperit,
2108 1218 2492 1302 inquiratur,
2565 1218 2769 1278 utrum

286 1326 568 1408 tempore
611 1323 854 1389 itineris
899 1325 1114 1409 gravia
1146 1323 1435 1404 ,pericula
1489 1324 1720 1390 fuerint
1782 1324 1901 1408 ipsi
1955 1322 2324 1406 superanda:
2396 1338 2540 1386 1111111
2605 1318 2773 1382 aelus

286 1427 603 1512 profectus
671 1426 862 1492 fuerit
921 1427 1020 1492 vel
1088 1427 1367 1511 pluribus
1435 1428 1808 1495 comitatus:
1882 1429 2088 1493 utrum
2156 1430 2220 1490 iu
2280 1426 2629 1510 reginueiu,
2697 1422 2773 1486 ad

289 1551 484 1614 quarn
529 1550 592 1596 se
639 1530 928 1609 contulit,
989 1522 1452 1614 supervenerint
1513 1532 1882 1611 seditioneS,
1946 1533 2144 1610 bella,
2208 1530 2404 1594 fames
2464 1530 2528 1594 et
2581 1526 2774 1610 pesti-

283 1624 542 1700 lentiae.
1705 1719 1709 1723 .

501 1737 568 1802 Si
613 1738 992 1804 maritimum
1040 1738 1230 1804 fuerit
1273 1741 1394 1804 iter
1427 1757 1779 1822 aggressus,
1823 1739 2040 1804 sedula
2080 1738 2556 1822 investigatione
2593 1734 2705 1794 fiat
2737 1750 2773 1794 a

286 1862 409 1927 quo
455 1844 638 1925 portu
681 1841 1048 1920 discesserit,
1096 1843 1348 1927 quinam
1389 1843 1622 1907 fuerint
1665 1842 1907 1907 itineris
1949 1842 2116 1918 soeii,
2164 1862 2284 1926 que
2324 1862 2388 1906 ae
2424 1834 2769 1914 eniitnlerit,

286 1946 454 2030 quod
501 1966 721 2012 nomen
768 1945 964 2024 navis,
1011 1965 1194 2028 quam
1241 1946 1614 2026 conscendit,
1663 1947 1800 2029 quis
1846 1946 2120 2031 ejusdeni
2164 1946 2332 2010 naris
2376 1942 2773 2026 gubernatur,

289 2069 369 2115 an
419 2049 816 2134 naufragium
873 2049 1124 2129 fecerit,
1188 2069 1263 2121 an
1330 2043 1630 2128 societaS,
1701 2069 1860 2133 quae
1927 2050 2100 2115 naris
2160 2050 2504 2114 eautieuern
2569 2046 2773 2110 fursau

289 2153 486 2231 dedit,
533 2153 801 2236 pretium
847 2153 979 2237 ejus
1024 2153 1283 2218 solverit
1319 2154 1601 2243 aliaeque
1640 2154 2164 2230 circumstantiae,
2208 2154 2260 2218 si
2300 2170 2456 2234 quae
2484 2150 2633 2226 sint,
2679 2146 2773 2210 di-

291 2254 565 2338 ligenter
608 2256 1081 2338 perpendantur.

502 2361 561 2423 8.
638 2360 831 2424 Fama
874 2380 1112 2444 quoque
1159 2360 1299 2425 aliis
1345 2361 1564 2445 adjuta
1604 2359 1995 2426 adminiculis
2028 2362 2460 2443 argumentum
2496 2358 2569 2423 tie
2601 2358 2773 2423 ebitu

291 2464 652 2543 constituit,
701 2465 867 2530 bisce
909 2468 1119 2531 tamen
1165 2466 1654 2545 conditionibus,
1702 2466 2024 2531 nimirum:
2076 2467 2236 2547 qued
2284 2483 2316 2527 a
2364 2463 2605 2527 {lunens
2649 2463 2775 2527 sal-

291 2570 420 2632 tem
466 2568 731 2633 testibus
776 2570 896 2634 fide
949 2570 1157 2654 dignis
1217 2572 1280 2635 et
1332 2570 1563 2654 juratis
1624 2570 2084 2652 comprobetur,
2152 2571 2256 2651 qui
2324 2567 2633 2651 deperient
2701 2567 2773 2631 de

289 2670 653 2736 rationabili
721 2692 908 2737 causa
973 2674 1168 2757 ipsius
1232 2675 1474 2749 famae3
1554 2693 1633 2737 an
1702 2692 1839 2737 eam
1912 2671 2260 2755 acceperint
2324 2691 2360 2735 a
2428 2671 2641 2751 mejeri
2713 2675 2777 2735 et

291 2774 523 2839 saniori
568 2778 745 2859 parte
791 2779 1034 2861 populi,
1095 2780 1159 2843 et
1202 2797 1278 2843 an
1325 2778 1443 2861 ipsi
1490 2778 1564 2843 de
1612 2777 1824 2842 eadem
1875 2776 2040 2840 fama
2088 2779 2252 2839 reete
2300 2775 2605 2851 sentiant:
2665 2795 2773 2839 nee

289 2878 377 2943 sit
417 2878 674 2944 dubium
718 2881 894 2946 illam
941 2882 1130 2947 fuisse
1174 2882 1550 2948 concitatam
1602 2882 1680 2947 ab
1725 2882 1883 2961 illis,
1939 2880 2002 2945 in
2068 2899 2320 2963 querum
2384 2879 2773 2943 seminudum

290 2982 650 3067 inquiritur.
1410 3038 1420 3045 .

503 3088 562 3151 9.
655 3088 928 3176 Tandem
978 3090 1029 3153 si
1075 3106 1226 3171 opus
1273 3089 1490 3166 fuerit,
1550 3089 1995 3173 praetereunda
2044 3107 2156 3155 nun
2208 3091 2328 3155 erit
2372 3087 2773 3171 inuestigatis

292 3207 403 3272 per
450 3190 727 3273 publicas
773 3193 1255 3276 ephemerides,
1290 3194 1455 3259 datis
1524 3194 1815 3259 directori
1875 3195 2152 3259 omnibus
2216 3191 2577 3259 neeessariis
2641 3211 2773 3271 per-

292 3312 480 3358 sonae
527 3294 791 3374 indiciis,
840 3288 957 3361 nisi
996 3298 1073 3361 ob
1119 3281 1417 3381 speciales
1465 3297 1966 3363 circumstantias
2010 3299 2236 3359 sauieri
2284 3315 2356 3359 ae
2396 3291 2777 3375 prudentiori

295 3396 549 3462 consilio
591 3398 775 3463 aliter
811 3401 1150 3465 censeatur.

509 3501 608 3568 10.
684 3502 856 3569 Haec
910 3504 1118 3570 omnia
1180 3525 1285 3587 pro
1353 3504 1817 3587 opportunitate
1878 3521 2131 3567 casuum
2188 3523 2236 3567 s.
2296 3503 2444 3563 haee
2508 3499 2777 3583 Gangre-

294 3601 468 3687 gatio
535 3604 868 3690 diligenter
935 3608 1271 3692 expendere
1338 3608 1496 3696 solet
1562 3627 1825 3690 cumque
1886 3607 1961 3671 de
2006 3627 2072 3671 re
2112 3607 2480 3691 grauissima
2528 3607 2773 3687 agatur,

293 3707 534 3772 cunctis
579 3727 776 3793 aequa
819 3711 992 3777 lance
1037 3712 1282 3778 libratis
1328 3715 1515 3796 atque
1556 3713 1807 3795 insuper
1860 3711 2092 3777 auditis
2120 3711 2408 3803 ‘plui-iuni
2456 3707 2777 3791 thaniuga-

291 3830 433 3875 rum
479 3816 544 3874 et
581 3813 742 3895 juris
784 3817 1157 3898 prudentum
1204 3817 1517 3899 suffragiis
1563 3818 1825 3900 denique
1857 3836 2032 3881 suum
2060 3815 2360 3899 judieiuui
2396 3815 2777 3899 prenuntiat,

292 3933 374 3979 an
421 3914 497 3979 de
544 3916 657 3981 tali
716 3919 889 3984 obitu
954 3920 1111 3985 satis
1175 3925 1417 3988 constet
1479 3924 1545 3987 et
1613 3922 1772 3987 nihil
1839 3920 2076 4003 obstet,
2148 3923 2472 4003 que-inus
2544 3919 2777 4003 petenti

293 4020 600 4085 transitus
645 4023 723 4087 ad
759 4024 915 4090 alias
962 4026 1212 4109 nuptias
1255 4025 1506 4092 concedi
1550 4026 1764 4109 possit.

512 4125 609 4189 ll.
693 4126 783 4191 Ex
842 4127 940 4193 his
994 4130 1278 4195 omnibus
1344 4130 1746 4195 ecclesiastici
1807 4128 2128 4195 Praesides
2176 4131 2408 4195 sertam
2456 4127 2773 4191 desumere

294 4229 555 4310 possunt
601 4248 909 4309 normam,
969 4252 1152 4315 quam
1210 4233 1273 4297 in
1338 4233 1692 4317 hujusmodi
1748 4232 2002 4317 judiciis
2052 4235 2404 4315 sequautur.
2496 4231 2671 4311 Queri
2721 4235 2773 4295 si

294 4352 414 4397 non
490 4333 882 4400 obstantibus
956 4335 1188 4419 regulis
1258 4337 1575 4429 hucusque
1655 4336 1885 4402 notatis
1959 4355 2056 4402 res
2128 4335 2332 4399 adhue
2400 4335 2633 4399 ineerta
2713 4339 2777 4399 et

276 4437 564 4521 'implexa
611 4438 736 4502 illis
782 4438 1099 4524 videatur,
1153 4440 1232 4505 ad
1291 4439 1353 4506 S.
1396 4440 1616 4506 Sedem
1658 4457 1967 4506 recurrere
2015 4439 2356 4523 debebunt,
2420 4439 2577 4503 aetia
2637 4459 2769 4503 eru-

292 4542 475 4608 nibus
518 4560 657 4607 cum
705 4542 838 4628 ipso
885 4562 1135 4610 recursu
1175 4542 1556 4610 transmissis
1602 4548 1711 4609 aut
1754 4544 1975 4608 saltem
2015 4543 2348 4627 diligenter
2396 4543 2701 4627 espusitis.
