3142 4900
244 134 309 202 464
420 154 594 218 nannenus,
615 155 704 210 neor.
723 172 746 208 e.
768 154 880 225 conpr.
899 155 960 210 nse.
978 159 1008 212 o.
1020 159 1048 212 o.
1066 159 1092 211 r.
1114 158 1195 228 nan
1214 158 1301 212 roes.

245 323 459 392 restitueres
488 321 595 391 unioni
624 325 657 388 st
682 322 916 406 participationi
946 324 1102 406 fidelium,
1135 347 1252 396 necnon
1283 349 1504 397 sacrosan<

245 429 400 496 Ecdeeiae
423 425 641 494 &crementis
687 428 768 494 Item
790 429 897 496 eadem
920 431 1107 498 anctoritate
1130 433 1433 504 ossonovensis
1461 457 1504 502 on

244 533 489 617 transgressione
511 533 651 600 votorum
674 535 708 600 et
729 533 870 617 regulae,
896 534 1172 616 constitutionum,
1200 539 1504 608 ordinationum

244 636 488 704 admonitionum
511 636 662 719 majorum
686 639 881 717 nostrornm,
913 639 953 704 ab
985 640 1126 705 omnibns
1148 642 1366 725 poenitentiis
1402 645 1504 712 oblii

243 761 300 808 sen
317 742 414 807 etiam
437 740 603 825 neglectis,
636 741 806 808 concedens
839 743 925 808 vobis
958 742 1169 810 remissionem
1200 749 1232 812 st
1259 749 1504 832 indulgentie

244 846 380 912 omnium
409 846 621 928 peccatorum,
653 847 766 930 quibus
800 848 907 913 eontra
939 846 1038 913 Deum
1064 851 1095 914 et
1117 851 1290 934 proximum
1319 849 1504 937 fragilitn

243 951 389 1030 hnmana,
408 949 597 1034 ignorantia,
621 951 669 1015 vel
692 950 815 1016 molitis
838 951 1021 1035 deliquistis
1047 971 1082 1018 ao
1097 953 1135 1018 de
1150 955 1262 1038 quibus
1276 955 1353 1040 jam
1375 959 1504 1024 confes

243 1055 336 1124 estis:
360 1053 395 1118 In
416 1053 538 1119 nomine
560 1055 665 1120 Petris
687 1056 708 1139 †
730 1057 762 1121 ot
783 1053 857 1120 siin
880 1056 912 1122 et
935 1055 1068 1140 Spiritus
1090 1059 1201 1126 saneti.
1247 1061 1375 1126 Amen.

245 1230 293 1296 ΙΙ.
327 1227 482 1294 Formicis
503 1227 738 1292 Benedictionis
761 1248 830 1292 oum
852 1228 1049 1312 indesinentia
1063 1230 1217 1313 plantario
1233 1251 1297 1312 pro
1320 1233 1504 1302 Tertwrii

753 1332 977 1412 messionibus,

244 1452 396 1521 oemrisone'
419 1451 543 1508 omnibns
565 1451 833 1508 communicationem
857 1453 1061 1522 privilegiorum
1087 1457 1116 1512 et
1136 1453 1289 1523 graciarum
1306 1472 1378 1512 cum
1400 1457 1504 1514 iisdem

313 1561 317 1568 ¹
400 1594 404 1600 ,
441 1539 485 1593 vel
502 1538 761 1608 cntegnlsribus
779 1540 970 1610 cujuscumque
988 1539 1097 1599 Ordinis
1116 1540 1288 1599 habentibus.

254 1699 259 1704 .
299 1691 302 1697 .
348 1645 479 1726 Amisi,
512 1644 614 1710 Intret
635 1645 735 1711 oratio
757 1662 827 1710 mes
849 1644 881 1710 in
905 1648 1069 1729 conspectu
1093 1648 1164 1725 ino,
1190 1646 1342 1724 [ionium
1373 1649 1504 1716 ¹¹incline

244 1757 350 1819 eurem
374 1751 462 1817 tunm
485 1748 524 1814 nd
545 1767 649 1831 proces
672 1750 811 1826 nostram
842 1768 947 1834 paros,
981 1750 1129 1829 Domine,
1163 1771 1254 1834 parce
1286 1754 1415 1835 populo
1444 1758 1504 1832 tuo,

244 1875 336 1938 quem
359 1853 517 1918 redemisti
540 1851 696 1936 Sanguine
714 1853 769 1919 tno
784 1854 927 1935 pretioso,
951 1874 988 1918 ne
1003 1855 1036 1919 in
1051 1857 1209 1924 aeteruum
1227 1856 1382 1921 irascaris
1400 1841 1504 1924 nobis

283 1957 404 2043 -Kprie
423 1959 548 2024 eleison.
594 1956 719 2023 Christe
738 1957 862 2024 eleison.
909 1959 1003 2044 Kyrie
1026 1959 1149 2024 eleison.
1197 1961 1290 2024 Pater
1314 1964 1446 2027 noster.

287 2061 330 2140 ii·
353 2063 395 2127 Et
415 2081 452 2126 ne
472 2079 529 2126 nos
551 2061 680 2126 inducas
701 2063 734 2125 in
757 2063 972 2141 tentationem,

236 2170 252 2196 ²
282 2167 331 2253 1³5:
346 2164 412 2231 'Sed
434 2166 533 2231 litera
556 2183 611 2230 nos
632 2180 651 2230 a
673 2166 767 2233 melo.

287 2269 329 2349 n.
352 2270 460 2337 Salvos
483 2269 531 2335 fao
555 2289 657 2337 servos
678 2271 759 2346 tuos,

280 2370 327 2463 Bi·
351 2375 434 2440 Dens
451 2393 554 2458 mens,
578 2379 736 2459 sperantes
758 2373 791 2438 in
814 2376 854 2442 te.

285 2480 328 2560 S.
352 2480 444 2548 Mitte
467 2481 522 2557 eis,
545 2478 685 2558 Domine,
713 2480 861 2545 auxilium
885 2480 922 2543 de
945 2478 1067 2561 Sancto,

279 2585 328 2673 n.
351 2586 393 2651 Et
415 2584 453 2649 de
474 2583 547 2651 Sion
570 2586 657 2649 tuere
680 2603 739 2649 eos.

287 2689 329 2768 ti.
352 2690 428 2755 Esto
441 2689 505 2772 eis,
529 2689 668 2768 Domine,
692 2688 787 2753 turris
810 2687 1012 2781 ¹fortitudinis,

287 2793 328 2882 Ii.
352 2798 381 2880 A
403 2794 482 2859 iacis
502 2794 630 2858 inimici.
917 2860 921 2883 l

287 2897 328 2978 n.
351 2897 440 2965 Nihil
459 2898 602 2982 proficiat
624 2896 767 2962 inimicus
790 2898 822 2961 in
847 2897 943 2977 nobis,

287 3003 328 3091 It.
350 3004 391 3069 lit
413 3002 496 3069 filins
517 3000 693 3086 iniquitatis
715 3021 775 3067 non
797 3003 933 3085 apponat
953 3020 1061 3068 nocere
1083 3001 1179 3068 nobis.

287 3106 329 3186 ii.
353 3108 493 3186 Domine,
514 3107 624 3173 exandi
646 3106 817 3172 orationem
836 3107 948 3185 meam,

288 3212 330 3299 Rp
352 3212 531 3277 unalamer
553 3228 640 3276 mene
662 3210 701 3276 nd
720 3213 753 3276 te
775 3211 889 3277 veniet.

288 3314 330 3395 S.
353 3315 505 3381 Dominus
526 3314 695 3395 nobiscum,
733 3339 735 3344 ·

289 3420 328 3507 ii.
351 3421 393 3486 ut
413 3439 484 3485 cnm
507 3420 619 3504 spiritu
638 3422 702 3486 tuo.

768 3558 960 3626 Oremus

350 3682 450 3761 Dens,
482 3681 531 3747 oni
560 3682 716 3765 proprium
739 3685 804 3761 est,
834 3679 974 3745 misereri
996 3697 1115 3762 semper
1138 3679 1170 3744 et
1190 3696 1329 3761 parcere,
1358 3682 1468 3765 suscipe

244 3787 490 3871 deprecationem
512 3788 659 3865 nostram,
683 3788 720 3851 ut
741 3803 805 3865 nos,
829 3786 861 3851 et
880 3802 984 3851 omnes
1007 3782 1139 3849 famulos
1162 3784 1239 3861 tuos,
1261 3799 1333 3865 quos
1347 3782 1467 3851 delicto·
1503 3774 1504 3809 ³

245 3911 314 3958 rnm
336 3893 447 3957 eatena
467 3890 661 3974 constringit,
684 3890 842 3956 miseratio
866 3891 938 3953 tune
962 3887 1089 3971 pietatis
1109 3887 1276 3951 clementer
1299 3886 1437 3954 absolvat.

347 3995 475 4077 Sxandi,
500 4014 686 4079 quaesumus
710 3994 849 4073 Domine,
872 3993 1046 4076 supplicum
1069 4009 1183 4075 preces,
1215 3993 1247 4056 et
1269 3989 1461 4058 confitentium

245 4101 305 4167 tibi
326 4119 418 4186 parce
439 4099 642 4186 potentiani
663 4098 780 4183 pariter
802 4096 889 4163 uobis
911 4095 1137 4181 indulgentiam
1150 4095 1270 4160 tribuas
1285 4093 1422 4179 benignus
1435 4098 1460 4161 ot

265 4224 362 4273 soem.

208 4302 211 4307 ’
244 4227 265 4291 p
347 4306 799 4386 Inenaoilemnooie,1)0mine,
813 4302 1055 4370 misericordiam
1067 4302 1454 4373 tnnmelomenterostendo:

245 4416 282 4480 nt
302 4413 397 4479 dmnl
419 4432 473 4479 nos
495 4414 528 4477 et
549 4431 568 4477 n
586 4410 722 4495 peccatis
746 4409 887 4474 omnibns
908 4426 1011 4487 exuas,
1034 4409 1067 4473 et
1086 4427 1104 4473 a
1126 4408 1242 4495 poenis,
1265 4424 1334 4490 quae
1354 4426 1403 4489 pro
1417 4408 1456 4470 hie

244 4537 409 4599 meremur,
430 4516 554 4601 eripias.
