3142 4900
786 728 895 811 ΧΧΙΧ.

221 826 357 954 naar
377 891 414 952 s
440 869 562 971 om.
589 869 713 970 inore.
738 869 816 952 ur.
842 867 902 952 22.
929 870 1030 952 uam
1048 867 1138 950 urs
1157 874 1193 951 u
1211 892 1241 952 s.
1261 871 1399 973 coner.
1423 873 1487 952 uu

219 992 344 1073 ddi.
360 993 442 1094 llnji
454 990 548 1072 1882
565 991 611 1072 de
626 991 847 1074 rumuonm
865 993 1019 1092 peuerell
1033 995 1071 1072 et
1086 993 1334 1074 benedictione
1350 995 1484 1095 Papali

252 1135 316 1216 pro
333 1114 559 1214 deprimitur
576 1112 759 1194 ordinibus
776 1117 813 1194 el
831 1113 1011 1195 ferriariis
1029 1115 1075 1193 ad
1094 1133 1158 1194 eos
1177 1115 1460 1215 pertinentibus.

443 1251 615 1322 maganum
633 1267 684 1306 van
704 1251 736 1306 r.
753 1253 820 1309 roa.
839 1253 1006 1308 sennaser
1025 1253 1052 1308 s.
1071 1253 1096 1308 r.
1114 1253 1143 1307 n
1161 1253 1238 1307 aum.

234 1361 263 1458 s
317 1462 320 1470 ,
381 1400 420 1466 r..
445 1392 540 1461 Dar.
562 1413 589 1459 s.
614 1391 724 1476 ecapr.
748 1389 876 1476 recep.
898 1391 929 1458 a.
943 1393 974 1458 a.
998 1397 1052 1460 22.
1077 1393 1178 1460 Mae.
1202 1397 1296 1459 rere.

324 1515 437 1592 Tertii,
449 1513 581 1596 Ordinis
602 1515 635 1582 S.
658 1514 835 1581 Franciecr'.
874 1515 951 1580 Tres
973 1514 1110 1578 llinistr'i
1127 1513 1293 1580 Generales
1309 1515 1479 1580 Ordinum

219 1621 250 1687 S.
275 1620 450 1698 Eranclsci,
479 1618 737 1694 Ooureutnalium
757 1638 884 1702 nempe,
909 1619 1063 1685 Minorum
1087 1619 1326 1686 Observautium
1352 1623 1387 1684 et
1416 1622 1478 1684 Ga-

218 1724 414 1807 pucinorum,
448 1724 505 1789 sub
528 1743 658 1807 quorum
678 1722 919 1806 uuiuscujusque
943 1724 1111 1788 directione
1135 1725 1258 1788 Fratres
1282 1728 1314 1788 et
1338 1723 1476 1789 Sorores

218 1829 343 1915 adsunt,
365 1829 404 1895 ad
428 1828 674 1896 uniformitatem
690 1827 790 1911 quoad
806 1828 973 1892 Tertiarics
998 1829 1153 1892 universos
1178 1828 1235 1896 sub
1256 1829 1408 1910 qualibet
1426 1829 1475 1892 di-

218 1932 357 2000 rectione
364 1933 552 1999 constitutos
566 1932 782 2010 inducendam,
803 1933 966 1996 consilinm
981 1924 1118 1998 inierunt
1136 1933 1262 1998 unicum
1277 1932 1473 2000 conficiendi

219 2037 384 2116 Manuale,
403 2037 498 2122 cuod
528 2038 669 2102 omnibus
697 2036 777 2102 foret
801 2055 970 2102 commune.
1016 2036 1099 2102 Illud
1122 2056 1140 2100 a
1168 2037 1217 2102 ur.
1238 2037 1374 2102 Nicolao
1390 2058 1417 2102 a
1441 2037 1471 2104 S.

217 2140 337 2206 Joaune
359 2144 517 2206 exaratum
539 2143 673 2224 quatuor
695 2141 820 2206 constat
847 2141 1004 2222 partibus,
1035 2159 1165 2224 quarum
1196 2141 1296 2224 prima
1321 2143 1470 2206 notiones

218 2245 377 2328 generales
399 2245 497 2310 totius
518 2247 606 2311 tertii
629 2245 755 2311 Ordinis
778 2245 908 2330 exponit,
933 2245 1013 2310 aliae
1036 2265 1106 2310 vero
1130 2247 1162 2308 ct
1177 2244 1302 2328 regulas
1319 2246 1468 2319 tradunt,

218 2348 424 2428 caeremonias
446 2352 605 2415 recensent
628 2351 659 2415 et
683 2349 905 2434 indulgentias.
942 2350 1017 2414 Pars
1040 2369 1121 2427 vero,
1145 2369 1222 2432 quae
1245 2349 1468 2432 indulgentias

219 2454 415 2533 recensebat,
446 2455 520 2520 huic
550 2454 580 2521 S.
609 2456 877 2542 Indulgentiarum
900 2453 1141 2539 Congregatiuui
1164 2454 1300 2518 exhibita
1324 2455 1391 2518 fuit
1413 2475 1468 2537 pro

217 2558 369 2623 facultate
391 2559 557 2624 obtinenda
576 2560 665 2625 illam
688 2558 865 2644 evulgandi.
921 2559 988 2624 Imo
1022 2559 1148 2643 supplex
1181 2578 1300 2641 quoque
1333 2548 1466 2623 libellus

217 2665 375 2746 porrectus
399 2662 460 2728 fuit
483 2682 536 2748 pro
559 2664 645 2729 novis
674 2665 787 2749 gratiis
821 2665 853 2729 et
888 2664 1062 2747 privilegiis
1098 2662 1201 2728 favore
1235 2662 1466 2727 Tertiariornm

217 2767 429 2850 impetrandis.

321 2858 366 2937 Ex
385 2874 473 2956 parte
494 2892 613 2958 quoque
635 2874 784 2959 praesidis
807 2874 961 2959 generalis
984 2872 1148 2939 Societatis
1171 2872 1201 2939 S.
1226 2872 1385 2937 Francisci
1403 2872 1460 2938 Sa-

217 2974 286 3042 lesii
308 2976 479 3059 expositum
503 2979 576 3058 fuit,
600 2978 787 3045 Societatem
811 2979 889 3043 hanc
912 2997 966 3063 per
990 2978 1184 3061 Rescriptum
1209 2974 1327 3042 Summi
1352 2978 1462 3043 Ponti-

217 3081 284 3146 ficis
307 3081 364 3146 sub
387 3080 437 3147 die
462 3083 489 3148 l.
515 3084 591 3166 Muji
618 3084 698 3149 1873
727 3084 911 3167 participem
943 3084 1057 3149 factam
1090 3082 1185 3148 fuisse
1216 3082 1460 3166 privilegiorum,

217 3186 329 3268 quibus
349 3186 676 3272 gaudentcbordigeri
693 3188 723 3254 S.
740 3188 905 3266 Francisci,
925 3206 960 3253 uc
974 3188 1101 3271 proinde
1116 3188 1333 3271 quaerebatur,
1352 3188 1458 3252 utrum

218 3290 300 3355 inter
322 3289 398 3355 baed
421 3290 587 3375 priuilegia
607 3294 792 3376 reperiretur
813 3292 893 3357 illud
917 3310 1038 3376 quoque
1068 3291 1272 3357 absolutionis
1295 3294 1458 3375 generalis,

219 3398 251 3459 et
271 3397 423 3478 quatenus
446 3396 603 3480 Nepafioe,
626 3398 711 3462 enixe
734 3397 949 3481 flagitabatur,
973 3398 1009 3462 ut
1031 3397 1166 3462 facultas
1183 3395 1354 3479 elargiendi
1370 3397 1459 3461 abso·

218 3498 367 3563 lationem
390 3500 566 3583 generalem
584 3504 694 3584 quater
715 3502 826 3567 saltem
850 3502 882 3565 in
905 3520 985 3566 anuo
1006 3490 1232 3567 concedebatur.

266 3642 270 3648 -
322 3603 453 3668 Interim
473 3604 549 3670 dum
573 3604 667 3671 Sacra
688 3606 958 3689 Indulgentiarum
982 3604 1189 3690 Congregatio
1206 3606 1281 3671 haec
1298 3605 1402 3669 omnia
1419 3607 1454 3669 ad

220 3726 345 3772 eramen
367 3709 550 3787 revocabat,
578 3708 611 3773 in
634 3710 740 3793 primis
763 3710 1047 3787 animadvertebat,
1069 3710 1207 3775 diversas
1227 3708 1376 3775 formulas
1397 3711 1454 3773 im·

162 3903 164 3907 .
219 3811 372 3894 pcrtieudi
393 3815 459 3879 tum
478 3814 655 3897 generalem
674 3814 897 3884 absolutionem
922 3835 974 3897 per
998 3834 1130 3893 anuum,
1165 3818 1232 3881 tum
1266 3814 1299 3879 in
1326 3813 1453 3879 articulo

219 3916 336 4010 mortis·
352 3917 385 3983 et
404 3917 649 3986 benedictionem
672 3919 823 4001 papalem,
845 3938 923 4001 quae
946 3920 1010 3985 sive
1033 3920 1063 3983 in
1088 3919 1225 3985 exhibito
1249 3918 1387 3985 Munati
1401 3939 1453 4001 pro

219 4020 390 4101 Tertiariis,
413 4022 478 4088 sive
497 4022 531 4087 in
553 4021 734 4089 Summariiu
756 4022 1021 4107 indulgentiarum
1042 4025 1073 4089 et
1095 4022 1328 4107 privilegiorum
1346 4020 1450 4089 iisdem

219 4143 430 4191 concessorum
462 4127 659 4212 legebantur,
694 4127 776 4191 haud
804 4126 903 4193 levem
927 4128 1077 4193 facessere
1101 4127 1327 4196 difficultatem.
1371 4127 1451 4209 Quae

206 4228 345 4311 'quidem
366 4230 538 4300 difficultas
556 4249 609 4314 pro
633 4232 772 4296 formubs
796 4232 949 4315 generalis
973 4231 1176 4299 absolutionis
1200 4250 1234 4296 eo
1250 4230 1350 4315 magis
1365 4235 1450 4297 aucta

221 4334 285 4411 ast,
316 4334 397 4416 quod
410 4350 445 4399 'a
475 4335 631 4402 nonnullis
660 4335 745 4399 locus
767 4336 870 4399 factus
890 4338 937 4401 est
958 4336 1181 4401 controversiae
1203 4335 1393 4418 potissimum
1414 4336 1450 4403 de

221 4436 337 4503 uirtute
359 4438 390 4502 et
414 4437 550 4503 efficacia
572 4437 774 4503 absolutionis
796 4438 957 4521 generalis.
995 4439 1054 4503 His
1077 4458 1147 4505 vero
1168 4442 1362 4505 accesserunt
1375 4439 1449 4505 abne

221 4541 414 4623 quaestiones
449 4561 468 4606 u
501 4542 684 4609 confessario
718 4542 900 4607 Monialium
936 4542 1059 4607 Ordinis
1081 4541 1110 4609 S.
1133 4543 1288 4607 Francisei
1311 4543 1448 4609 dioecesis
