3142 4900
61 276 64 285 Ι
87 255 91 265 ,
229 185 294 250 462
457 202 633 265 Schneider,
650 201 780 256 Neceate
800 201 920 254 Entsclr.
940 201 996 256 der
1014 217 1035 253 s.
1057 199 1167 268 Conpr.
1191 201 1250 254 retr.

303 379 339 439 2.
372 370 546 439 Decretum
560 372 633 440 Suc.
653 373 787 440 Rttuam
809 371 1067 464 Conpreputionis
1090 371 1164 438 dd.
1187 371 1277 453 Mati
1300 373 1417 448 1882,

327 527 381 581 quo
399 511 501 580 priores
520 514 581 567 octo
597 511 744 567 recensitae
762 509 943 568 resolutiones
961 507 1125 566 exsecutioni
1140 509 1288 564 mandatae
1306 511 1393 564 sunt.

333 633 500 702 Occasione
522 632 668 702 editionis
689 634 774 700 unici
790 633 947 702 Maenalis
963 633 1002 698 ab
1018 631 1168 698 universis
1183 632 1341 700 fratribus
1360 652 1404 698 ae
1422 652 1492 697 cou-

229 737 384 804 sororibus
406 738 511 804 Tertio
534 737 643 804 Ordini
665 737 697 804 S.
718 737 876 804 Francieci
897 738 1062 822 adscriptis
1078 737 1260 818 adhibendi,
1286 737 1406 820 plures
1425 739 1492 800 tnm

229 842 312 911 cnca
332 842 481 933 formulas
503 841 705 909 absolutionc
728 842 881 925 generalis
905 843 937 906 et
958 844 989 906 iu
1014 840 1145 906 articulo
1167 841 1288 920 mortis,
1308 843 1391 906 tum
1411 842 1493 905 enea

102 1008 106 1014 .
232 946 480 1012 benedictionem
502 945 650 1030 Papalem
677 947 799 1012 exortae
822 947 944 1011 fuerant
968 946 1201 1011 controversiae.
1249 943 1301 1008 Ad
1327 964 1392 1010 eas
1418 946 1493 1010 diri-

230 1050 357 1117 mendas
377 1048 472 1135 Sacra
494 1049 700 1144 congregatio
724 1050 932 1134 Indulgentiis
954 1052 987 1114 et
1009 1049 1110 1116 Sacris
1130 1049 1280 1132 ReIIquiis
1298 1052 1492 1134 praeposita

229 1156 262 1219 iu
285 1175 348 1220 una
372 1155 472 1220 Tertii
495 1151 629 1220 Ordinis
642 1154 751 1220 Sancti
765 1154 936 1220 Francisct
952 1154 1001 1218 die
1022 1156 1070 1222 18.
1089 1153 1194 1218 Martii
1213 1154 1298 1218 1879
1315 1157 1492 1238 sequeutia

229 1258 325 1323 dubia
347 1256 531 1323 declaranda
553 1258 731 1341 proposuit:
756 1259 839 1341 [Hoc
861 1258 927 1323 loeo
951 1260 1133 1342 reputentur
1153 1257 1231 1322 VIII
1255 1255 1369 1342 priora
1394 1259 1492 1324 dubia

229 1366 322 1446 atque
344 1381 489 1446 responsa
511 1362 743 1430 antecendentis
766 1362 884 1428 decreti
905 1363 938 1428 s.'
956 1361 1067 1448 Congu.
1090 1361 1296 1450 Indulgentl.
1518 1365 1519 1376 ’

335 1464 453 1548 Quibus
473 1486 527 1550 per
548 1465 754 1532 Secretarium
778 1466 915 1550 ejusdem
933 1464 1044 1533 Sacrae
1061 1465 1321 1550 Congregationis
1339 1467 1492 1534 Sanctis-

228 1571 306 1637 simo
326 1571 448 1647 relatis,
472 1569 630 1637 Sanctitas
653 1569 731 1649 Sua,
755 1570 830 1636 dnm
852 1571 1054 1636 resolutiones
1076 1569 1189 1639 Sacrae
1212 1571 1312 1654 ipsius
1339 1571 1488 1656 Congre-

227 1675 363 1760 gatIonis
387 1674 554 1758 approbare
578 1675 707 1758 dignata
729 1676 795 1754 est,
827 1674 941 1752 voluit,
968 1676 1003 1740 nt
1027 1693 1080 1740 eae
1103 1693 1157 1758 per
1180 1675 1346 1742 decretum
1370 1675 1490 1742 Sacrae

227 1779 357 1844 Ritunm
381 1778 638 1863 Congregationis
660 1779 847 1844 exsecutioni
870 1779 1100 1846 mandarentur.

333 1884 426 1949 Porro
449 1881 542 1948 Sacra
565 1883 641 1948 haec
663 1883 794 1948 Rituum
819 1883 1042 1966 congregatio,
1074 1885 1106 1950 et
1129 1883 1281 1968 ejusmodi
1303 1884 1373 1950 sibi
1403 1905 1490 1950 com·

226 1988 322 2054 misso
345 1987 465 2052 muneri
487 1987 697 2065 satisfaceret,
728 1992 932 2070 opportunum
966 1989 999 2050 ln
1029 1987 1136 2071 primis
1167 1987 1271 2066 duxit,
1304 1990 1486 2071 expendere
1520 1973 1521 1976 ¹

227 2111 332 2157 omnes
355 2093 386 2156 et
407 2092 548 2175 singulas
571 2091 819 2156 benedictionum
840 2093 876 2156 et
895 2091 1098 2156 absolutionis
1129 2091 1282 2175 generalis
1311 2093 1484 2170 formulas,
1521 2096 1522 2188 l

226 2212 389 2280 qnae-non
410 2196 536 2260 tantum
558 2213 649 2277 penes
673 2195 843 2262 tertiarios
865 2195 1093 2274 transiremus,
1126 2195 1180 2259 sed
1212 2198 1243 2259 et
1277 2197 1367 2278 apud
1406 2199 1484 2263 alias
1521 2191 1522 2228 ³

228 2299 366 2365 ciusdem
388 2298 513 2378 Oratus
532 2299 686 2376 familias,
715 2299 811 2364 immo
834 2302 866 2365 et
888 2300 965 2364 alios
988 2299 1159 2383 Regulares
1182 2298 1315 2365 Ordines
1338 2319 1381 2366 aa
1407 2303 1483 2367 Ter·

227 2403 335 2474 tiarios
357 2403 501 2488 adipson
523 2403 728 2488 pertinentes,
751 2396 840 2469 crant
861 2403 891 2469 in
915 2421 988 2485 usu,
1010 2423 1070 2488 quo
1093 2403 1217 2469 unicam
1241 2405 1336 2488 atque
1363 2405 1481 2472 identi-

228 2509 517 2576 camcoucinnaret
545 2508 713 2574 formulam
746 2510 786 2576 ab
819 2509 962 2574 omnibus
995 2509 1028 2573 ln
1062 2510 1218 2592 posterum
1253 2509 1286 2573 in
1321 2510 1479 2577 eiusmodi

228 2612 562 2690 benedictissimae
584 2613 779 2678 absolutione
801 2613 972 2696 respective
995 2613 1209 2679 adhibendam.
1256 2613 1385 2680 Interea
1408 2636 1480 2681 vero
1522 2646 1523 2663 o

228 2716 393 2783 monendos
416 2716 537 2781 censuit
557 2736 663 2782 omnes
685 2718 715 2781 in
736 2736 769 2782 re
791 2715 940 2782 interesse
963 2718 1122 2794 babentes
1145 2719 1191 2797 ut,
1215 2717 1242 2782 si
1258 2718 1332 2801 qnid
1348 2721 1386 2784 iu
1404 2740 1478 2787 cusu

228 2822 339 2890 nobba
371 2820 501 2904 dignum
527 2820 744 2904 intiment,
783 2822 868 2886 intra
904 2840 1073 2905 congruum
1109 2824 1231 2904 tempus
1266 2820 1384 2888 Sacrae
1419 2827 1476 2909 ipsi
1522 2898 1523 2905 ἶ

230 2924 645 3011 congregationisnbjicere
667 2904 802 3008 pecie.
847 2926 950 3007 Quum
972 2928 1076 2990 autem
1104 2926 1237 2991 triennio
1263 2927 1330 3010 jam
1357 2929 1473 3013 elapso,
1522 2914 1523 2927 ³

229 3029 307 3095 nibil
329 3048 365 3094 ex
383 3030 472 3112 parte
495 3028 627 3112 alicujus
650 3028 774 3095 Ordinis
796 3031 952 3114 objectum
972 3030 1075 3109 fuerit,
1100 3028 1196 3095 Sacra
1213 3030 1322 3097 eadem
1339 3032 1472 3099 Ritunm

228 3132 447 3219 congregatio,
461 3134 603 3200 omnibns
616 3134 649 3198 in
664 3153 698 3199 rc
712 3135 836 3199 mature
851 3134 974 3201 libratis
994 3132 1202 3218 expensisque,
1217 3134 1294 3200 haec
1305 3135 1471 3204 decernere
1522 3180 1523 3189 κ

227 3240 298 3306 rats
317 3239 381 3306 est:
424 3275 428 3284 «

275 3374 305 3406 ·'
332 3360 376 3424 1.·
404 3359 688 3425 Proabsolntione
713 3359 748 3424 in
778 3360 910 3425 articulo
940 3360 1048 3426 mortIs
1075 3361 1248 3427 retineatur
1269 3360 1302 3426 in
1325 3364 1469 3429 omnibus

227 3464 360 3531 formula
380 3464 570 3548 praescripta
593 3484 611 3529 a
635 3463 862 3530 Constitutione
884 3483 908 3532 s.
932 3484 974 3533 m.
1000 3466 1158 3531 Benedicti
1182 3467 1284 3549 Papae
1300 3466 1386 3535 XIV.
1406 3468 1467 3536 Pio

227 3570 345 3649 Mater,
367 3566 474 3634 addito
497 3570 622 3634 tantum
645 3568 684 3633 ad
704 3568 859 3652 coactor
879 3570 1002 3635 nomine
1023 3570 1123 3635 saneti
1139 3572 1255 3655 proprii
1270 3570 1466 3639 laudatoris.

330 3690 370 3756 Π.
406 3689 586 3756 Benedictio
610 3690 734 3756 nomine
757 3690 877 3756 Summi
904 3690 1064 3758 Pontificis
1090 3673 1288 3777 impertiatur
1317 3712 1387 3759 cum
1406 3695 1466 3760 for-

228 3795 314 3860 muls
324 3795 495 3891 approbata
506 3795 538 3861 iu
550 3794 676 3888 Litteris
686 3794 849 3879 encyclicis
862 3796 999 3881 ejusdem
1011 3816 1035 3864 s.
1045 3817 1086 3865 m.
1102 3797 1261 3863 Benedicti
1270 3798 1371 3881 Papae
1380 3798 1462 3867 XIV.
1502 3852 1509 3873 .

227 3899 393 3983 Exempts
415 3896 703 3978 Prcedeccssorcm,
728 3899 781 3964 sed
799 3900 919 3966 nonnisi
937 3901 1030 3985 bisin
1048 3920 1136 3981 anno,
1159 3903 1191 3969 et
1205 3902 1262 3968 snb
1282 3900 1463 3984 conditione,

227 4004 308 4089 quod
341 4004 417 4092 baec
450 4004 623 4083 benedictio
644 4023 812 4089 numquam
836 4004 927 4071 detur
949 4006 1056 4073 eodem
1079 4006 1129 4071 die
1152 4008 1184 4073 et
1208 4006 1366 4073 incedam
1387 4008 1460 4088 loeo,

227 4108 282 4174 nbi
305 4108 473 4198 Episcopus
496 4127 563 4176 earn
587 4108 755 4192 impertiat,

330 4230 389 4300 III.
423 4230 462 4298 In
481 4224 674 4297 anolucone
695 4230 835 4315 generali
856 4250 911 4315 pro
935 4232 1143 4317 Regularibus
1166 4233 1383 4319 cujuscumque
1404 4233 1458 4302 Or·

227 4334 309 4402 dinis
338 4337 431 4419 atque
457 4334 491 4400 in
520 4333 734 4402 maniaticus
754 4353 825 4400 cum
847 4334 1045 4420 indulgentia
1067 4337 1205 4421 plenaria
1226 4358 1280 4423 pro
1304 4338 1458 4407 resiniis

227 4438 437 4517 saecnlmibus
452 4496 455 4501 .
470 4438 677 4511 adhibeantur
709 4439 832 4505 omnino
861 4439 941 4505 duae
971 4441 1167 4524 insequentes
1189 4442 1341 4508 formulae
1362 4462 1380 4507 a
1400 4444 1458 4509 Re·

228 4541 448 4611 recentissimo
470 4541 633 4611 Arrunte
654 4540 752 4624 ipsius
774 4541 887 4609 Sacrae
910 4542 1164 4629 Gonmegationis
1183 4547 1357 4632 propositae
1371 4549 1457 4633 aque
