3142 4900
170 197 211 260 58
275 214 374 278 Koba,
396 215 452 268 Die
472 215 607 284 bdrperd.
628 215 896 284 Todeaerlcldrnnp
916 215 1022 281 bebrrss
1043 215 1408 297 Wo‘crleroerelreliclrunp.

273 385 302 450 4.
338 383 497 449 Interdum
521 403 600 449 uuus
623 385 747 450 tantum
770 384 861 450 testis
881 386 1101 451 examinandus
1121 386 1273 470 reperitur
1288 391 1320 452 et
1334 388 1410 453 licet

168 487 206 551 ab
230 486 313 550 omni
327 487 401 571 *jure
425 487 637 552 testimonium
660 488 751 553 unius
773 488 812 552 ad
833 489 923 572 plene
937 489 1126 572 probandum
1145 510 1205 556 non
1221 490 1409 577 admittatur

117 574 120 584 ’
168 593 306 654 attamen
330 610 367 656 ne
389 591 499 675 conjux
521 589 600 656 alias
620 591 744 674 nuptias
759 591 838 657 inire
852 598 1027 675 peroptans,
1043 593 1140 658 vitam
1154 594 1303 659 coelibem
1317 613 1409 676 agere

168 695 315 777 cogatur,
349 694 445 759 etiam
479 695 570 760 unius
602 695 813 760 testimonium
850 695 992 761 absolute
1024 715 1082 760 non
1111 697 1230 779 respuit
1258 696 1410 780 Suprema

169 797 375 882 Congregatio
397 798 428 862 in
452 797 632 863 dirimendis
655 798 834 882 hujusmodi
865 799 1005 877 casibus,
1040 800 1205 864 dummodo
1237 800 1289 864 ille
1317 796 1410 864 testis

167 901 330 967 recensitis
350 899 575 966 conditionibus
597 901 640 967 sit
664 902 840 986 praeditus,
876 902 954 968 nulli
986 903 1156 986 exceptioni
1190 902 1337 968 obnoxius
1372 920 1410 966 ac

166 1005 325 1088 praeterea
347 1005 413 1089 ojus
431 1005 591 1089 dispositio
607 1005 677 1070 aliis
695 1007 901 1090 gravibusque
916 1007 1117 1073 adminiculis
1128 1006 1298 1083 fulciatur3
1321 1005 1410 1088 sique

166 1106 229 1172 alia
251 1109 422 1175 extrinseca
443 1109 633 1174 adminicula
656 1110 760 1195 colligi
783 1110 907 1175 omnino
929 1113 1099 1194 nequeant,
1135 1110 1319 1174 hortamen
1342 1128 1409 1172 cer·

167 1216 234 1276 tum
254 1213 309 1287 sit,
333 1213 410 1277 nihil
432 1213 464 1277 in
488 1214 554 1297 ejus
575 1214 755 1278 testimonio
777 1214 921 1298 reperiri,
955 1215 1035 1298 quod
1069 1233 1127 1279 uon
1161 1214 1204 1279 sit
1236 1231 1408 1296 congruum

166 1318 259 1400 atque
282 1317 405 1382 omnino
428 1317 603 1385 verisimile.

270 1422 300 1488 5.
331 1420 492 1505 Contingit
512 1421 617 1500 etiam,
638 1423 675 1485 ut
695 1422 792 1488 testes
811 1421 988 1487 omnimoda
1010 1421 1071 1486 fide
1087 1421 1175 1506 digni
1190 1420 1409 1498 testificentur,

165 1543 197 1588 se
224 1525 361 1608 tompore
393 1544 453 1590 uou
486 1526 627 1609 suspecto
658 1526 789 1590 urortem
820 1524 961 1609 conjugis
991 1544 1027 1590 ex
1049 1525 1181 1590 aliorum
1204 1525 1409 1591 attestatione

165 1626 333 1705 audivisse,
358 1627 411 1692 isti
435 1629 538 1693 autem
562 1629 610 1693 vel
634 1631 705 1711 quia
729 1629 890 1706 absentes,
919 1628 967 1693 vel
991 1629 1065 1710 quja
1086 1628 1221 1693 obierint
1240 1628 1289 1694 vel
1311 1627 1407 1692 aliam

164 1731 203 1796 ob
227 1751 439 1816 quamcunque
462 1732 675 1798 rationabilem
700 1751 823 1797 oausam
847 1732 1017 1799 examinari
1032 1735 1205 1815 nequeunt3
1229 1734 1304 1797 tunc
1320 1732 1409 1797 dicta

165 1856 201 1902 ex
223 1836 322 1902 alieno
342 1855 402 1916 ore,
423 1839 576 1921 quatenus
596 1837 738 1902 omuibus
760 1837 831 1901 aliis
850 1837 881 1901 in
905 1855 978 1902 casu
1002 1836 1255 1903 concurrentibus
1270 1836 1405 1902 circum-

164 1939 289 2004 stantiis
313 1942 368 2005 aut
387 1941 498 2006 saltem
522 1942 751 2025 urgentioribus
781 1941 1004 2024 respondeant,
1036 1940 1115 2006 satis
1149 1959 1214 2006 esse
1242 1940 1408 2005 censentur

164 2048 387 2128 prosequutus
410 2045 519 2110 mortis
541 2045 684 2128 prudenti
704 2045 832 2130 judicio.
1108 2037 1113 2046 ’

269 2149 298 2215 6.
331 2149 445 2213 Verum
470 2148 553 2212 baud
577 2148 673 2214 semel
702 2149 891 2231 experientia
920 2150 1110 2231 compertum
1142 2148 1291 2217 babetur,
1323 2146 1406 2228 quod

164 2269 219 2314 neo
242 2269 322 2314 unus
345 2252 468 2335 quidem
491 2253 660 2336 reperiatur
685 2252 777 2318 testis
800 2251 902 2335 qualis
931 2270 1025 2334 supra
1054 2251 1237 2316 adstruitur.
1281 2250 1351 2336 Hoc
1372 2248 1405 2312 in

164 2374 237 2418 casu
260 2355 400 2438 probatio
423 2355 583 2421 obitus-ex
606 2355 800 2440 conjecturis,
820 2349 1138 2438 praesumptionibus,
1160 2353 1284 2417 indiciis
1299 2354 1332 2416 et
1347 2351 1406 2416 arl-

160 2459 277 2542 junctis
299 2459 546 2544 quibuscunque,
569 2460 678 2526 sedula
698 2462 782 2525 certe
805 2463 836 2525 et
859 2458 1028 2541 admodum
1050 2461 1144 2523 cauta
1165 2457 1406 2540 investigatione

163 2564 300 2627 curanda
325 2563 401 2639 erit3
425 2563 471 2627 ita
494 2564 651 2643 nimirum,
674 2566 710 2629 ut
732 2563 872 2647 pluribus
892 2563 964 2628 binc
985 2561 1057 2627 inde
1079 2562 1217 2627 collectis
1238 2578 1406 2646 eorumque

164 2669 275 2732 natrua
295 2686 453 2749 perpensa,
475 2670 566 2749 prout
588 2667 709 2733 scilicet
730 2667 910 2751 urgentiora
931 2667 981 2731 vel
1003 2665 1118 2731 leviora
1141 2666 1230 2740 sunt,
1254 2682 1310 2727 seu
1332 2682 1405 2745 pro·

164 2771 247 2853 piore
270 2770 318 2834 vel
342 2772 504 2835 remotiore
533 2789 611 2834 nexu
641 2790 711 2835 oum
741 2771 874 2835 veritato
910 2770 1018 2834 mortis
1051 2767 1300 2857 conjunguntur,
1332 2765 1407 2830 inde

132 2890 141 2925 ι
164 2874 322 2957 prudentis
347 2873 403 2938 viri
423 2874 573 2956 judicium
595 2875 633 2939 ad
658 2874 787 2940 eandem
804 2874 932 2937 mortem
954 2871 1169 2937 affirmandam
1184 2869 1406 2954 probabilitate

164 2978 307 3056 marium,
331 2996 385 3042 scu
409 2978 518 3042 morali
541 2976 726 3044 certitudine
750 2974 921 3059 promoveri
944 2975 1049 3058 possit.
1088 2974 1283 3057 Quapropter
1305 2991 1405 3056 quan-

164 3083 274 3147 donam
298 3081 330 3145 iu
352 3081 485 3165 singulis
507 3082 629 3147 casibus
653 3081 804 3145 habeatur
828 3097 863 3144 ev
891 3077 1067 3162 hujusmodi
1097 3077 1283 3159 conjecturis
1309 3075 1407 3141 simul

163 3186 334 3269 conjunctis
359 3186 446 3268 justa
474 3186 631 3268 probatio,
662 3185 694 3248 id
714 3183 867 3266 ¹prudenti
891 3181 1124 3264 relinquendum
1148 3184 1195 3245 est
1215 3181 1332 3263 judicis
1355 3200 1406 3244 ar·

165 3291 277 3371 bitrio;
309 3290 376 3353 heic
410 3292 515 3353 tamen
549 3307 608 3354 non
643 3288 698 3351 abs
733 3306 766 3351 re
799 3286 879 3363 erit,
913 3285 1016 3368 plures
1045 3285 1183 3348 iudicare
1215 3285 1333 3361 fontes,
1370 3302 1407 3348 er

164 3394 276 3478 quibus
301 3394 373 3460 illae
394 3368 457 3458 side
481 3392 691 3477 urgentiores,
722 3389 786 3453 sive
818 3389 912 3453 etiam
944 3387 1071 3453 leviores
1105 3386 1212 3471 colligi
1240 3387 1272 3451 et
1295 3386 1406 3451 baberi

164 3497 291 3580 possint.

269 3601 297 3663 7.
333 3601 442 3683 Itaque
468 3598 621 3682 imprimis
650 3597 722 3662 illae
752 3593 1016 3679 praesumptiones
1044 3592 1280 3675 investigandae
1302 3593 1406 3669 erunt,

164 3723 243 3787 quae
266 3723 424 3786 personam
455 3704 553 3786 ipsius
586 3700 696 3765 asserti
728 3697 866 3763 defuncti
897 3696 1065 3779 respic-iuni
1095 3714 1234 3779 quaeque
1268 3696 1408 3778 profecto

163 3808 255 3872 facile
279 3807 387 3873 baberi
408 3807 553 3890 poterunt
576 3824 594 3868 a
618 3802 805 3885 conjunctis,
830 3799 953 3877 amicis,
978 3799 1104 3875 vicinis,
1135 3800 1168 3864 et
1190 3800 1408 3882 quoquomodo

164 3911 247 3976 notis
270 3911 431 3993 utriusque
451 3906 601 3992 conjugis.
647 3904 683 3969 ln
704 3922 831 3988 quorum
853 3903 991 3968 examine
1013 3902 1189 3986 requiratur
1212 3922 1238 3968 e.
1263 3922 1294 3986 g.

268 4017 316 4079 An
341 4014 402 4092 ille,
426 4014 464 4077 de
484 4012 572 4093 cujus
594 4009 682 4074 obitu
705 4008 752 4071 est
774 4024 885 4082 sermo,
910 4006 997 4071 bonis
1013 4006 1148 4071 moribus
1159 4006 1301 4072 imbutus
1312 4009 1408 4086 esset,

164 4120 213 4204 pie
235 4110 439 4201 religioseque
463 4112 588 4191 viveret,
612 4128 796 4193 uxoremque
819 4108 974 4192 diligeret,
997 4109 1114 4174 nullam
1137 4128 1204 4174 sese
1226 4110 1409 4176 occultandi

163 4242 288 4288 causam
311 4220 455 4294 baberet}
482 4217 585 4280 utrum
611 4216 690 4278 bona
711 4212 838 4277 stabilia
861 4212 1028 4294 possideret
1052 4212 1099 4275 vel
1122 4212 1185 4275 alia
1208 4232 1226 4277 a
1249 4214 1315 4279 suis
1335 4234 1409 4297 pro-

163 4326 288 4409 pinguis
312 4327 367 4388 ant
388 4319 509 4385 alicunde
529 4336 651 4400 sperare
674 4318 785 4399 posset.

238 4447 241 4452 ·
268 4429 318 4491 An
341 4422 516 4490 discesserit
538 4421 744 4486 annuentibus
767 4437 858 4483 uxore
881 4418 913 4481 et
935 4416 1118 4500 conjunctis,
1141 4436 1221 4500 quae
1244 4420 1319 4485 tunc
1339 4421 1410 4506 ejus

164 4535 251 4601 aetas
273 4531 304 4594 et
329 4525 471 4593 valetudo
492 4524 583 4590 esset.
